<?xml version="1.0" encoding="UTF-8"?><collection xmlns="http://www.loc.gov/MARC21/slim"><record><leader>00594nam--2200193-u-4500</leader><controlfield tag="001">000056730</controlfield><controlfield tag="002">20170214</controlfield><controlfield tag="005">20170214161603</controlfield><controlfield tag="008">170214s1000------------r-----000-0-rum-d</controlfield><datafield ind1=" " ind2=" " tag="040"><subfield code="a">IFIN-HH</subfield></datafield><datafield ind1="0" ind2=" " tag="041"><subfield code="a">rum</subfield></datafield><datafield ind1=" " ind2=" " tag="080"><subfield code="a">537.534+533.9+621.384.6</subfield></datafield><datafield ind1="1" ind2=" " tag="100"><subfield code="a">Gabovici, M.D</subfield></datafield><datafield ind1="1" ind2="0" tag="245"><subfield code="a">Fizica si tehnica surselor de ioni cu plasma</subfield><subfield code="c">M.D. Gabovici</subfield></datafield><datafield ind1=" " ind2=" " tag="260"><subfield code="a">Bucuresti</subfield><subfield code="b">Editura Stiintifica si Enciclopedica</subfield><subfield code="c">1976</subfield></datafield><datafield ind1=" " ind2=" " tag="300"><subfield code="a">350p</subfield></datafield><datafield ind1=" " ind2=" " tag="500"><subfield code="a">Titlul original in limba rusa: Fizika i tehnika plazmennih istocenikov ioniv</subfield></datafield><datafield ind1=" " ind2=" " tag="852"><subfield code="a">43330</subfield><subfield code="c">621.384.6</subfield></datafield><datafield ind1=" " ind2=" " tag="CAT"><subfield code="a">SYS</subfield><subfield code="c">20170214</subfield><subfield code="h">161603</subfield></datafield></record></collection>